@article{artemyevIonMotionCurrent2013,
  title = {Ion Motion in the Current Sheet with Sheared Magnetic Field {\textendash} {{Part}} 1: {{Quasi-adiabatic}} Theory},
  shorttitle = {Ion Motion in the Current Sheet with Sheared Magnetic Field {\textendash} {{Part}} 1},
  author = {Artemyev, A. V. and Neishtadt, A. I. and Zelenyi, L. M.},
  year = {2013},
  month = feb,
  journal = {Nonlinear Processes in Geophysics},
  volume = {20},
  number = {1},
  pages = {163--178},
  publisher = {{Copernicus GmbH}},
  issn = {1023-5809},
  doi = {10.5194/npg-20-163-2013},
  langid = {english}
}

@article{artemyevIonMotionCurrent2013a,
  title = {Ion Motion in the Current Sheet with Sheared Magnetic Field {\textendash} {{Part}} 2: {{Non-adiabatic}} Effects},
  shorttitle = {Ion Motion in the Current Sheet with Sheared Magnetic Field {\textendash} {{Part}} 2},
  author = {Artemyev, A. V. and Neishtadt, A. I. and Zelenyi, L. M.},
  year = {2013},
  month = oct,
  journal = {Nonlinear Processes in Geophysics},
  volume = {20},
  number = {5},
  pages = {899--919},
  publisher = {{Copernicus GmbH}},
  issn = {1023-5809},
  doi = {10.5194/npg-20-899-2013},
  langid = {english}
}

@article{artemyevIonNongyrotropySolar2020,
  title = {Ion {{Nongyrotropy}} in {{Solar Wind Discontinuities}}},
  author = {Artemyev, Anton V. and Angelopoulos, Vassilis and Vasko, Ivan Y. and Zelenyi, Lev M.},
  year = {2020},
  month = jan,
  journal = {The Astrophysical Journal Letters},
  volume = {889},
  number = {1},
  pages = {L23},
  publisher = {{The American Astronomical Society}},
  issn = {2041-8205},
  doi = {10.3847/2041-8213/ab6b2e},
  langid = {english}
}

@article{artemyevKineticNatureSolar2019,
  title = {On the {{Kinetic Nature}} of {{Solar Wind Discontinuities}}},
  author = {Artemyev, A. V. and Angelopoulos, V. and Vasko, I. Y. and Runov, A. and Avanov, L. A. and Giles, B. L. and Russell, C. T. and Strangeway, R. J.},
  year = {2019},
  journal = {Geophysical Research Letters},
  volume = {46},
  number = {3},
  pages = {1185--1194},
  issn = {1944-8007},
  doi = {10.1029/2018GL079906},
  langid = {english}
}

@article{artemyevKineticPropertiesSolar2019,
  title = {Kinetic Properties of Solar Wind Discontinuities at 1 {{AU}} Observed by {{ARTEMIS}}},
  author = {Artemyev, A. V. and Angelopoulos, V. and Vasko, I. Y.},
  year = {2019},
  journal = {Journal of Geophysical Research: Space Physics},
  volume = {124},
  number = {6},
  pages = {3858--3870},
  issn = {2169-9402},
  doi = {10.1029/2019JA026597},
  langid = {english}
}

@article{artemyevRapidGeometricalChaotization2014,
  title = {Rapid Geometrical Chaotization in Slow-Fast {{Hamiltonian}} Systems},
  author = {Artemyev, A. V. and Neishtadt, A. I. and Zelenyi, L. M.},
  year = {2014},
  month = jun,
  journal = {Physical Review E},
  volume = {89},
  number = {6},
  pages = {060902},
  publisher = {{American Physical Society}},
  doi = {10.1103/PhysRevE.89.060902}
}

@article{artemyevSuperfastIonScattering2020,
  title = {Superfast Ion Scattering by Solar Wind Discontinuities},
  author = {Artemyev, A. V. and Neishtadt, A. I. and Vasiliev, A. A. and Angelopoulos, V. and Vinogradov, A. A. and Zelenyi, L. M.},
  year = {2020},
  month = sep,
  journal = {Physical Review E},
  volume = {102},
  number = {3},
  pages = {033201},
  publisher = {{American Physical Society}},
  doi = {10.1103/PhysRevE.102.033201}
}

@misc{beisertIntroductionIntegrabilityLecture2016,
  title = {Introduction to {{Integrability}}, {{Lecture Notes}}},
  author = {Beisert, Niklas},
  year = {2016},
  langid = {english}
}

@article{borovskyContributionStrongDiscontinuities2010,
  title = {Contribution of Strong Discontinuities to the Power Spectrum of the Solar Wind},
  author = {Borovsky, Joseph E.},
  year = {2010},
  month = sep,
  journal = {Physical Review Letters},
  volume = {105},
  number = {11},
  pages = {111102},
  publisher = {{American Physical Society}},
  issn = {0031-9007, 1079-7114},
  doi = {10.1103/PhysRevLett.105.111102},
  langid = {american}
}

@article{brunoSolarWindTurbulence2005,
  title = {The {{Solar Wind}} as a {{Turbulence Laboratory}}},
  author = {Bruno, Roberto and Carbone, Vincenzo},
  year = {2005},
  month = sep,
  journal = {Living Reviews in Solar Physics},
  volume = {2},
  number = {1},
  pages = {4},
  issn = {1614-4961},
  doi = {10.12942/lrsp-2005-4},
  langid = {english}
}

@article{buchnerRegularChaoticCharged1989,
  title = {Regular and Chaotic Charged Particle Motion in Magnetotaillike Field Reversals: 1. {{Basic}} Theory of Trapped Motion},
  shorttitle = {Regular and Chaotic Charged Particle Motion in Magnetotaillike Field Reversals},
  author = {B{\"u}chner, J{\"o}rg and Zelenyi, Lev M.},
  year = {1989},
  journal = {Journal of Geophysical Research: Space Physics},
  volume = {94},
  number = {A9},
  pages = {11821--11842},
  issn = {2156-2202},
  doi = {10.1029/JA094iA09p11821},
  langid = {english}
}

@article{burlagaMicroScaleStructuresInterplanetary1968,
  title = {Micro-Scale Structures in the Interplanetary Medium},
  author = {Burlaga, Leonard F.},
  year = {1968},
  month = may,
  journal = {Solar Physics},
  volume = {4},
  pages = {67--92},
  issn = {0038-0938},
  doi = {10.1007/BF00146999}
}

@article{chenChaosNonlinearDynamics1986,
  title = {Chaos and Nonlinear Dynamics of Single-Particle Orbits in a Magnetotaillike Magnetic Field},
  author = {Chen, James and Palmadesso, Peter J.},
  year = {1986},
  journal = {Journal of Geophysical Research: Space Physics},
  volume = {91},
  number = {A2},
  pages = {1499--1508},
  issn = {2156-2202},
  doi = {10.1029/JA091iA02p01499},
  copyright = {This paper is not subject to U.S. copyright. Published in 1986 by the American Geophysical Union.},
  langid = {english}
}

@article{cliverSolarEnergeticParticles2000,
  title = {Solar Energetic Particles: {{Acceleration}} and Transport},
  shorttitle = {Solar Energetic Particles},
  author = {Cliver, Edward W.},
  year = {2000},
  month = jun,
  journal = {AIP Conference Proceedings},
  volume = {516},
  number = {1},
  pages = {103--119},
  publisher = {{American Institute of Physics}},
  issn = {0094-243X},
  doi = {10.1063/1.1291471}
}

@article{cohenCurrentUnderstandingSEP2016,
  title = {Current Understanding of {{SEP}} Acceleration and Transport},
  author = {Cohen, C. M. S.},
  year = {2016},
  month = mar,
  journal = {AIP Conference Proceedings},
  volume = {1720},
  number = {1},
  pages = {060001},
  publisher = {{American Institute of Physics}},
  issn = {0094-243X},
  doi = {10.1063/1.4943836}
}

@article{colburn1966,
  title = {Discontinuities in the Solar Wind},
  author = {Colburn, D. S. and Sonett, C. P.},
  year = {1966},
  month = jun,
  journal = {Space Science Reviews},
  volume = {5},
  number = {4},
  pages = {439--506},
  issn = {1572-9672},
  doi = {10.1007/BF00240575},
  langid = {english}
}

@article{dmitrukTestParticleEnergization2004,
  title = {Test Particle Energization by Current Sheets and Nonuniform Fields in Magnetohydrodynamic Turbulence},
  author = {Dmitruk, Pablo and Matthaeus, W. H. and Seenu, N.},
  year = {2004},
  month = dec,
  journal = {Astrophysical Journal},
  volume = {617},
  pages = {667--679},
  issn = {0004-637X},
  doi = {10.1086/425301},
  langid = {english}
}

@misc{ESPgrpMeetingZijin20230424,
  title = {Project {{Presentation}}},
  author = {{Zijin Zhang}},
  year = {2022}
}

@article{franzHeliosphericCoordinateSystems2002,
  title = {Heliospheric Coordinate Systems},
  author = {Fr{\"a}nz, M. and Harper, D.},
  year = {2002},
  month = feb,
  journal = {Planetary and Space Science},
  volume = {50},
  number = {2},
  pages = {217--233},
  issn = {0032-0633},
  doi = {10.1016/S0032-0633(01)00119-2},
  langid = {english}
}

@article{grecoCOMPLEXSTRUCTUREMAGNETIC2016,
  title = {{{THE COMPLEX STRUCTURE OF MAGNETIC FIELD DISCONTINUITIES IN THE TURBULENT SOLAR WIND}}},
  author = {Greco, A. and Perri, S. and Servidio, S. and Yordanova, E. and Veltri, P.},
  year = {2016},
  month = jun,
  journal = {The Astrophysical Journal Letters},
  volume = {823},
  number = {2},
  pages = {L39},
  publisher = {{The American Astronomical Society}},
  issn = {2041-8205},
  doi = {10.3847/2041-8205/823/2/L39},
  langid = {english}
}

@article{grecoIntermittentMHDStructures2008,
  title = {Intermittent {{MHD}} Structures and Classical Discontinuities},
  author = {Greco, A. and Chuychai, P. and Matthaeus, W. H. and Servidio, S. and Dmitruk, P.},
  year = {2008},
  journal = {Geophysical Research Letters},
  volume = {35},
  number = {19},
  issn = {1944-8007},
  doi = {10.1029/2008GL035454},
  langid = {english}
}

@article{grecoPartialVarianceIncrements2017,
  title = {Partial Variance of Increments Method in Solar Wind Observations and Plasma Simulations},
  author = {Greco, A. and Matthaeus, W. H. and Perri, S. and Osman, K. T. and Servidio, S. and Wan, M. and Dmitruk, P.},
  year = {2017},
  month = nov,
  journal = {Space Science Reviews},
  volume = {214},
  number = {1},
  pages = {1},
  issn = {1572-9672},
  doi = {10.1007/s11214-017-0435-8},
  langid = {american}
}

@article{grecoStatisticalAnalysisDiscontinuities2009,
  title = {Statistical Analysis of Discontinuities in Solar Wind Ace Data and Comparison with Intermittent Mhd Turbulence},
  author = {Greco, A. and Matthaeus, W. H. and Servidio, S. and Chuychai, P. and Dmitruk, P.},
  year = {2009},
  month = jan,
  journal = {Astrophysical Journal},
  volume = {691},
  number = {2},
  pages = {L111},
  publisher = {{The American Astronomical Society}},
  issn = {0004-637X},
  doi = {10.1088/0004-637X/691/2/L111},
  langid = {american}
}

@article{grecoWaitingtimeDistributionsMagnetic2009,
  title = {Waiting-Time Distributions of Magnetic Discontinuities: {{Clustering}} or {{Poisson}} Process?},
  shorttitle = {Waiting-Time Distributions of Magnetic Discontinuities},
  author = {Greco, A. and Matthaeus, W. H. and Servidio, S. and Dmitruk, P.},
  year = {2009},
  month = oct,
  journal = {Physical Review E},
  volume = {80},
  number = {4},
  pages = {046401},
  publisher = {{American Physical Society}},
  doi = {10.1103/PhysRevE.80.046401}
}

@article{lionCoherentEventsSpectral2016,
  title = {Coherent Events and Spectral Shape at Ion Kinetic Scales in the Fast Solar Wind Turbulence},
  author = {Lion, Sonny and Alexandrova, Olga and Zaslavsky, Arnaud},
  year = {2016},
  month = jun,
  journal = {The Astrophysical Journal},
  volume = {824},
  number = {1},
  pages = {47},
  publisher = {{The American Astronomical Society}},
  issn = {0004-637X},
  doi = {10.3847/0004-637X/824/1/47},
  langid = {english}
}

@article{liuFailuresMinimumVariance2023,
  title = {Failures of {{Minimum Variance Analysis}} in {{Diagnosing Planar Structures}} in {{Space}}},
  author = {Liu, Y. Y. and Cao, J. B. and Fu, H. S. and Wang, Z. and Guo, Z. Z. and He, R. J.},
  year = {2023},
  month = jul,
  journal = {The Astrophysical Journal Supplement Series},
  volume = {267},
  number = {1},
  pages = {13},
  publisher = {{The American Astronomical Society}},
  issn = {0067-0049},
  doi = {10.3847/1538-4365/acdd58},
  langid = {english}
}

@book{lynchDynamicalSystemsApplications2017,
  title = {Dynamical Systems with Applications Using {{Mathematica}}{\textregistered}},
  author = {Lynch, Stephen},
  year = {2017},
  publisher = {{Springer International Publishing}},
  address = {{Cham}},
  doi = {10.1007/978-3-319-61485-4},
  isbn = {978-3-319-61484-7 978-3-319-61485-4},
  langid = {english}
}

@article{macbrideTurbulentCascadeAU2008,
  title = {The Turbulent Cascade at 1 {{AU}}: Energy Transfer and the Third-Order Scaling for {{MHD}}},
  shorttitle = {The {{Turbulent Cascade}} at 1 {{AU}}},
  author = {MacBride, Benjamin T. and Smith, Charles W. and Forman, Miriam A.},
  year = {2008},
  month = jun,
  journal = {Astrophysical Journal},
  volume = {679},
  pages = {1644--1660},
  issn = {0004-637X},
  doi = {10.1086/529575},
  langid = {english}
}

@article{matthaeusNonlinearCollisionlessPerpendicular2003,
  title = {Nonlinear Collisionless Perpendicular Diffusion of Charged Particles},
  author = {Matthaeus, W. H. and Qin, G. and Bieber, J. W. and Zank, G. P.},
  year = {2003},
  month = may,
  journal = {The Astrophysical Journal},
  volume = {590},
  number = {1},
  pages = {L53},
  publisher = {{IOP Publishing}},
  issn = {0004-637X},
  doi = {10.1086/376613},
  langid = {english}
}

@article{neishtadtMechanismsDestructionAdiabatic2019,
  title = {On Mechanisms of Destruction of Adiabatic Invariance in Slow{\textendash}Fast {{Hamiltonian}} Systems},
  author = {Neishtadt, Anatoly},
  year = {2019},
  month = oct,
  journal = {Nonlinearity},
  volume = {32},
  number = {11},
  pages = {R53},
  publisher = {{IOP Publishing}},
  issn = {0951-7715},
  doi = {10.1088/1361-6544/ab2a2c},
  langid = {english}
}

@article{neugebauerCommentAbundancesRotational2006,
  title = {Comment on the Abundances of Rotational and Tangential Discontinuities in the Solar Wind},
  author = {Neugebauer, M.},
  year = {2006},
  journal = {Journal of Geophysical Research: Space Physics},
  volume = {111},
  number = {A4},
  pages = {2005JA011497},
  issn = {2156-2202},
  doi = {10.1029/2005JA011497},
  copyright = {Copyright 2006 by the American Geophysical Union.},
  langid = {american}
}

@book{o.babelonShortIntroductionClassical,
  title = {A Short Introduction to Classical and Quantum Integrable Systems},
  author = {{O. Babelon}},
  year = {2007},
  collaborator = {{G{\"o}k}},
  langid = {english}
}

@article{osmanIntermittencyLocalHeating2012,
  title = {Intermittency and Local Heating in the Solar Wind},
  author = {Osman, K. T. and Matthaeus, W. H. and Wan, M. and Rappazzo, A. F.},
  year = {2012},
  month = jun,
  journal = {Physical Review Letters},
  volume = {108},
  pages = {261102},
  issn = {0031-9007},
  doi = {10.1103/PhysRevLett.108.261102}
}

@article{servidioLocalKineticEffects2012,
  title = {Local {{Kinetic Effects}} in {{Two-Dimensional Plasma Turbulence}}},
  author = {Servidio, S. and Valentini, F. and Califano, F. and Veltri, P.},
  year = {2012},
  month = jan,
  journal = {Physical Review Letters},
  volume = {108},
  number = {4},
  pages = {045001},
  publisher = {{American Physical Society}},
  doi = {10.1103/PhysRevLett.108.045001}
}

@article{servidioStatisticalAssociationDiscontinuities2011,
  title = {Statistical Association of Discontinuities and Reconnection in Magnetohydrodynamic Turbulence},
  author = {Servidio, S. and Greco, A. and Matthaeus, W. H. and Osman, K. T. and Dmitruk, P.},
  year = {2011},
  journal = {Journal of Geophysical Research: Space Physics},
  volume = {116},
  number = {A9},
  issn = {2156-2202},
  doi = {10.1029/2011JA016569},
  langid = {english}
}

@article{sodingRadialLatitudinalDependencies2001,
  title = {Radial and Latitudinal Dependencies of Discontinuities in the Solar Wind between 0.3 and 19 {{AU}} and -80{\textdegree} and +10{\textdegree}},
  author = {S{\"o}ding, A. and Neubauer, F. M. and Tsurutani, B. T. and Ness, N. F. and Lepping, R. P.},
  year = {2001},
  month = jul,
  journal = {Annales Geophysicae},
  volume = {19},
  number = {7},
  pages = {667--680},
  publisher = {{Copernicus GmbH}},
  issn = {0992-7689},
  doi = {10.5194/angeo-19-667-2001},
  langid = {american}
}

@article{sonnerupAdiabaticParticleOrbits1971,
  title = {Adiabatic Particle Orbits in a Magnetic Null Sheet},
  author = {Sonnerup, B. U. {\"O}.},
  year = {1971},
  journal = {Journal of Geophysical Research (1896-1977)},
  volume = {76},
  number = {34},
  pages = {8211--8222},
  issn = {2156-2202},
  doi = {10.1029/JA076i034p08211},
  langid = {english}
}

@article{sonnerupMagnetopauseStructureAttitude1967,
  title = {Magnetopause Structure and Attitude from {{Explorer}} 12 Observations},
  author = {Sonnerup, B. U. {\"O} and Cahill Jr., L. J.},
  year = {1967},
  journal = {Journal of Geophysical Research (1896-1977)},
  volume = {72},
  number = {1},
  pages = {171--183},
  issn = {2156-2202},
  doi = {10.1029/JZ072i001p00171},
  copyright = {Copyright 1967 by the American Geophysical Union.},
  langid = {english}
}

@article{sonnerupMinimumMaximumVariance1998,
  title = {Minimum and {{Maximum Variance Analysis}}},
  author = {Sonnerup, Bengt U. {\"O}. and Scheible, Maureen},
  year = {1998},
  month = jan,
  journal = {ISSI Scientific Reports Series},
  volume = {1},
  pages = {185--220}
}

@book{stephenlynchDynamicalSystemsApplications2007,
  title = {Dynamical {{Systems}} with {{Applications}} Using {{Mathematica}}{\textregistered}},
  author = {{Stephen Lynch}},
  year = {2007},
  publisher = {{Birkh{\"a}user}},
  address = {{Boston, MA}},
  doi = {10.1007/978-0-8176-4586-1},
  isbn = {978-0-8176-4482-6 978-0-8176-4586-1},
  langid = {english}
}

@article{tesseinAssociationSuprathermalParticles2013,
  title = {Association of Suprathermal Particles with Coherent Structures and Shocks},
  author = {Tessein, J. A. and Matthaeus, W. H. and Wan, M. and Osman, K. T. and Ruffolo, D. and Giacalone, J.},
  year = {2013},
  month = sep,
  journal = {Astrophysical Journal Letters},
  volume = {776},
  number = {1},
  pages = {L8},
  publisher = {{The American Astronomical Society}},
  issn = {2041-8205},
  doi = {10.1088/2041-8205/776/1/L8},
  langid = {american}
}

@article{tsurutaniInterplanetaryDiscontinuitiesAlfven1995,
  title = {Interplanetary Discontinuities and {{Alfv{\'e}n}} Waves},
  author = {Tsurutani, Bruce T. and Smith, Edward J. and Ho, Christian M. and Neugebauer, Marcia and Goldstein, Bruce E. and Mok, John S. and Balogh, Andre and Southwood, David and Feldman, William C.},
  year = {1995},
  month = apr,
  journal = {Space Science Reviews},
  volume = {72},
  pages = {205--210},
  issn = {0038-6308},
  doi = {10.1007/BF00768781}
}

@article{tsurutaniNonlinearElectromagneticWaves1997,
  title = {Nonlinear Electromagnetic Waves and Spherical Arc-Polarized Waves in Space Plasmas},
  author = {Tsurutani, Bruce T. and Ho, Christian M. and Arballo, John K. and Lakhina, Gurbax S. and Glassmeier, Karl-Heinz and Neubauer, Fritz M.},
  year = {1997},
  month = may,
  journal = {Plasma Physics and Controlled Fusion},
  volume = {39},
  number = {5A},
  pages = {A237},
  issn = {0741-3335},
  doi = {10.1088/0741-3335/39/5A/022},
  langid = {american}
}

@article{tsurutaniReviewDiscontinuitiesAlfven1999,
  title = {A Review of Discontinuities and {{Alfv{\'e}n}} Waves in Interplanetary Space: {{Ulysses}} Results},
  shorttitle = {A Review of Discontinuities and Alfv{\'e}n Waves in Interplanetary Space},
  author = {Tsurutani, Bruce T. and Ho, Christian M.},
  year = {1999},
  month = jan,
  journal = {Reviews of Geophysics},
  volume = {37},
  pages = {517--524},
  issn = {8755-1209},
  doi = {10.1029/1999RG900010}
}

@article{tsurutaniReviewInterplanetaryDiscontinuities2011,
  title = {A Review of Interplanetary Discontinuities and Their Geomagnetic Effects},
  author = {Tsurutani, B. T. and Lakhina, G. S. and Verkhoglyadova, O. P. and Gonzalez, W. D. and Echer, E. and Guarnieri, F. L.},
  year = {2011},
  month = jan,
  journal = {Journal of Atmospheric and Solar-Terrestrial Physics},
  volume = {73},
  number = {1},
  pages = {5--19},
  issn = {1364-6826},
  doi = {10.1016/j.jastp.2010.04.001},
  langid = {american}
}

@article{turnerOrientationsRotationalTangential1971,
  title = {Orientations of `Rotational' and `Tangential' Discontinuities in the Solar Wind},
  author = {Turner, J. M. and Siscoe, G. L.},
  year = {1971},
  journal = {Journal of Geophysical Research (1896-1977)},
  volume = {76},
  number = {7},
  pages = {1816--1822},
  issn = {2156-2202},
  doi = {10.1029/JA076i007p01816},
  copyright = {Copyright {\textcopyright} 1971 by the American Geophysical Union.},
  langid = {english}
}

@article{vaskoKineticscaleCurrentSheets2021,
  title = {Kinetic-Scale Current Sheets in the Solar Wind at 1 Au: Properties and the Necessary Condition for Reconnection},
  shorttitle = {Kinetic-Scale {{Current Sheets}} in the {{Solar Wind}} at 1 Au},
  author = {Vasko, I. Y. and Alimov, K. and Phan, T. D. and Bale, S. D. and Mozer, F. S. and Artemyev, A. V.},
  year = {2021},
  month = dec,
  journal = {Astrophysical Journal Letters},
  volume = {923},
  number = {1},
  pages = {L19},
  publisher = {{The American Astronomical Society}},
  issn = {2041-8205},
  doi = {10.3847/2041-8213/ac3f30},
  langid = {american}
}

@article{vasquezNumerousSmallMagnetic2007,
  title = {Numerous Small Magnetic Field Discontinuities of {{Bartels}} Rotation 2286 and the Potential Role of {{Alfv{\'e}nic}} Turbulence},
  author = {Vasquez, Bernard J. and Abramenko, Valentyna I. and Haggerty, Dennis K. and Smith, Charles W.},
  year = {2007},
  journal = {Journal of Geophysical Research: Space Physics},
  volume = {112},
  number = {A11},
  issn = {2156-2202},
  doi = {10.1029/2007JA012504},
  copyright = {Copyright 2007 by the American Geophysical Union.},
  langid = {english}
}

@article{viallNineOutstandingQuestions2020,
  title = {Nine {{Outstanding Questions}} of {{Solar Wind Physics}}},
  author = {Viall, Nicholeen M. and Borovsky, Joseph E.},
  year = {2020},
  journal = {Journal of Geophysical Research: Space Physics},
  volume = {125},
  number = {7},
  pages = {e2018JA026005},
  issn = {2169-9402},
  doi = {10.1029/2018JA026005},
  langid = {english}
}

@techreport{vinogradovNonadiabaticInteractionIons2020,
  type = {Other},
  title = {Non-Adiabatic Interaction of Ions with Solar Wind Discontinuities},
  author = {Vinogradov, Alexander and Artemyev, Anton and Vasko, Ivan and Vasiliev, Alexei and Petrukovich, Anatoly},
  year = {2020},
  month = mar,
  institution = {{oral}},
  doi = {10.5194/egusphere-egu2020-20301},
  langid = {english}
}

@misc{WaybackMachine2022,
  title = {Wayback {{Machine}}},
  year = {2022},
  month = apr,
  howpublished = {https://web.archive.org/web/20220420044605/http://www.issibern.ch/forads/sr-001-08.pdf}
}

@article{zelenyiQuasiadiabaticDynamicsCharged2013,
  title = {Quasiadiabatic Dynamics of Charged Particles in a Space Plasma},
  author = {Zelenyi, L. M. and Neishtadt, A. I. and Artemyev, A. V. and Vainchtein, D. L. and Malova, H. V.},
  year = {2013},
  month = jan,
  journal = {Physics-Uspekhi},
  volume = {56},
  number = {4},
  pages = {347},
  publisher = {{IOP Publishing}},
  issn = {1063-7869},
  doi = {10.3367/UFNe.0183.201304b.0365},
  langid = {english}
}

@misc{zhangSolarWindDiscontinuities2023,
  title = {Solar Wind Discontinuities Spatial Evolution and Energetic Ion Scattering},
  author = {Zhang, Zijin and Artemyev, Anton and Angelopoulos, Vassilis and Chen, Shi},
  year = {2023},
  month = dec,
  langid = {english}
}

@article{zhdankinMagneticDiscontinuitiesMagnetohydrodynamic2012,
  title = {Magnetic Discontinuities in Magnetohydrodynamic Turbulence and in the Solar Wind},
  author = {Zhdankin, Vladimir and Boldyrev, Stanislav and Mason, Joanne and Perez, Jean Carlos},
  year = {2012},
  month = apr,
  journal = {Physical Review Letters},
  volume = {108},
  number = {17},
  pages = {175004},
  publisher = {{American Physical Society}},
  doi = {10.1103/PhysRevLett.108.175004},
  langid = {english}
}
