@article{acu√±a2008,
  title = {The {{STEREO}}/{{IMPACT}} Magnetic Field Experiment},
  author = {Acu{\~n}a, M. H. and Curtis, D. and Scheifele, J. L. and Russell, C. T. and Schroeder, P. and Szabo, A. and Luhmann, J. G.},
  year = {2008},
  month = apr,
  journal = {Space Science Reviews},
  volume = {136},
  number = {1},
  pages = {203--226},
  issn = {1572-9672},
  doi = {10.1007/s11214-007-9259-2},
  langid = {english}
}

@article{agapitovFirstDetectionPowerful2023,
  title = {First {{Detection}} of the {{Powerful Gamma-Ray Burst GRB 221009A}} by the {{THEMIS ESA}} and {{SST Particle Detectors}} on 2022 {{October}} 9},
  author = {Agapitov, O. V. and Balikhin, M. and Hull, A. J. and Hobara, Y. and Angelopoulos, V. and Mozer, F. S.},
  year = {2023},
  month = may,
  journal = {The Astrophysical Journal Letters},
  volume = {948},
  number = {2},
  pages = {L21},
  publisher = {{The American Astronomical Society}},
  issn = {2041-8205},
  doi = {10.3847/2041-8213/accfa0},
  langid = {english}
}

@article{angelopoulosELFINMission2020,
  title = {The {{ELFIN Mission}}},
  author = {Angelopoulos, V. and Tsai, E. and Bingley, L. and Shaffer, C. and Turner, D. L. and Runov, A. and Li, W. and Liu, J. and Artemyev, A. V. and Zhang, X.-J. and Strangeway, R. J. and Wirz, R. E. and Shprits, Y. Y. and Sergeev, V. A. and Caron, R. P. and Chung, M. and Cruce, P. and Greer, W. and Grimes, E. and Hector, K. and Lawson, M. J. and Leneman, D. and Masongsong, E. V. and Russell, C. L. and Wilkins, C. and Hinkley, D. and Blake, J. B. and Adair, N. and Allen, M. and Anderson, M. and {Arreola-Zamora}, M. and Artinger, J. and Asher, J. and Branchevsky, D. and Capitelli, M. R. and Castro, R. and Chao, G. and Chung, N. and Cliffe, M. and Colton, K. and Costello, C. and Depe, D. and Domae, B. W. and Eldin, S. and Fitzgibbon, L. and Flemming, A. and Fox, I. and Frederick, D. M. and Gilbert, A. and Gildemeister, A. and Gonzalez, A. and Hesford, B. and Jha, S. and Kang, N. and King, J. and Krieger, R. and Lian, K. and Mao, J. and McKinney, E. and Miller, J. P. and Norris, A. and Nuesca, M. and Palla, A. and Park, E. S. Y. and Pedersen, C. E. and Qu, Z. and Rozario, R. and Rye, E. and Seaton, R. and Subramanian, A. and Sundin, S. R. and Tan, A. and Turner, W. and Villegas, A. J. and Wasden, M. and Wing, G. and Wong, C. and Xie, E. and Yamamoto, S. and Yap, R. and Zarifian, A. and Zhang, G. Y.},
  year = {2020},
  month = jul,
  journal = {Space Science Reviews},
  volume = {216},
  number = {5},
  pages = {103},
  issn = {1572-9672},
  doi = {10.1007/s11214-020-00721-7},
  langid = {english}
}

@incollection{angelopoulosFirstResultsTHEMIS2009,
  title = {First {{Results}} from the {{THEMIS Mission}}},
  booktitle = {The {{THEMIS Mission}}},
  author = {Angelopoulos, V. and Sibeck, D. and Carlson, C. W. and McFadden, J. P. and Larson, D. and Lin, R. P. and Bonnell, J. W. and Mozer, F. S. and Ergun, R. and Cully, C. and Glassmeier, K. H. and Auster, U. and Roux, A. and LeContel, O. and Frey, S. and Phan, T. and Mende, S. and Frey, H. and Donovan, E. and Russell, C. T. and Strangeway, R. and Liu, J. and Mann, I. and Rae, J. and Raeder, J. and Li, X. and Liu, W. and Singer, H. J. and Sergeev, V. A. and Apatenkov, S. and Parks, G. and Fillingim, M. and Sigwarth, J.},
  editor = {Burch, J. L. and Angelopoulos, V.},
  year = {2009},
  pages = {453--476},
  publisher = {{Springer}},
  address = {{New York, NY}},
  doi = {10.1007/978-0-387-89820-9_19},
  isbn = {978-0-387-89820-9},
  langid = {english}
}

@article{austerTHEMISFluxgateMagnetometer2008,
  title = {The {{THEMIS}} Fluxgate Magnetometer},
  author = {Auster, H. U. and Glassmeier, K. H. and Magnes, W. and Aydogar, O. and Baumjohann, W. and Constantinescu, D. and Fischer, D. and Fornacon, K. H. and Georgescu, E. and Harvey, P. and Hillenmaier, O. and Kroth, R. and Ludlam, M. and Narita, Y. and Nakamura, R. and Okrafka, K. and Plaschke, F. and Richter, I. and Schwarzl, H. and Stoll, B. and Valavanoglou, A. and Wiedemann, M.},
  year = {2008},
  month = dec,
  journal = {Space Science Reviews},
  volume = {141},
  number = {1},
  pages = {235--264},
  issn = {1572-9672},
  doi = {10.1007/s11214-008-9365-9},
  langid = {english}
}

@article{badman2020,
  title = {Magnetic Connectivity of the Ecliptic Plane within 0.5 Au: Potential Field Source Surface Modeling of the First Parker Solar Probe Encounter},
  shorttitle = {Magnetic {{Connectivity}} of the {{Ecliptic Plane}} within 0.5 Au},
  author = {Badman, Samuel T. and Bale, Stuart D. and Oliveros, Juan C. Mart{\'i}nez and Panasenco, Olga and Velli, Marco and Stansby, David and {Buitrago-Casas}, Juan C. and R{\'e}ville, Victor and Bonnell, John W. and Case, Anthony W. and de Wit, Thierry Dudok and Goetz, Keith and Harvey, Peter R. and Kasper, Justin C. and Korreck, Kelly E. and Larson, Davin E. and Livi, Roberto and MacDowall, Robert J. and Malaspina, David M. and Pulupa, Marc and Stevens, Michael L. and Whittlesey, Phyllis L.},
  year = {2020},
  month = feb,
  journal = {Astrophysical Journal Supplement Series},
  volume = {246},
  number = {2},
  pages = {23},
  publisher = {{The American Astronomical Society}},
  issn = {0067-0049},
  doi = {10.3847/1538-4365/ab4da7},
  langid = {english}
}

@article{baleFIELDSInstrumentSuite2016,
  title = {The {{FIELDS Instrument Suite}} for {{Solar Probe Plus}}},
  author = {Bale, S. D. and Goetz, K. and Harvey, P. R. and Turin, P. and Bonnell, J. W. and {Dudok~de~Wit}, T. and Ergun, R. E. and MacDowall, R. J. and Pulupa, M. and Andre, M. and Bolton, M. and Bougeret, J.-L. and Bowen, T. A. and Burgess, D. and Cattell, C. A. and Chandran, B. D. G. and Chaston, C. C. and Chen, C. H. K. and Choi, M. K. and Connerney, J. E. and Cranmer, S. and {Diaz-Aguado}, M. and Donakowski, W. and Drake, J. F. and Farrell, W. M. and Fergeau, P. and Fermin, J. and Fischer, J. and Fox, N. and Glaser, D. and Goldstein, M. and Gordon, D. and Hanson, E. and Harris, S. E. and Hayes, L. M. and Hinze, J. J. and Hollweg, J. V. and Horbury, T. S. and Howard, R. A. and Hoxie, V. and Jannet, G. and Karlsson, M. and Kasper, J. C. and Kellogg, P. J. and Kien, M. and Klimchuk, J. A. and Krasnoselskikh, V. V. and Krucker, S. and Lynch, J. J. and Maksimovic, M. and Malaspina, D. M. and Marker, S. and Martin, P. and {Martinez-Oliveros}, J. and McCauley, J. and McComas, D. J. and McDonald, T. and {Meyer-Vernet}, N. and Moncuquet, M. and Monson, S. J. and Mozer, F. S. and Murphy, S. D. and Odom, J. and Oliverson, R. and Olson, J. and Parker, E. N. and Pankow, D. and Phan, T. and Quataert, E. and Quinn, T. and Ruplin, S. W. and Salem, C. and Seitz, D. and Sheppard, D. A. and Siy, A. and Stevens, K. and Summers, D. and Szabo, A. and Timofeeva, M. and Vaivads, A. and Velli, M. and Yehle, A. and Werthimer, D. and Wygant, J. R.},
  year = {2016},
  month = dec,
  journal = {Space Science Reviews},
  volume = {204},
  number = {1},
  pages = {49--82},
  issn = {1572-9672},
  doi = {10.1007/s11214-016-0244-5},
  langid = {english}
}

@article{baleInterchangeReconnectionSource2023,
  title = {Interchange Reconnection as the Source of the Fast Solar Wind within Coronal Holes},
  author = {Bale, S. D. and Drake, J. F. and McManus, M. D. and Desai, M. I. and Badman, S. T. and Larson, D. E. and Swisdak, M. and Horbury, T. S. and Raouafi, N. E. and Phan, T. and Velli, M. and McComas, D. J. and Cohen, C. M. S. and Mitchell, D. and Panasenco, O. and Kasper, J. C.},
  year = {2023},
  month = jun,
  journal = {Nature},
  volume = {618},
  number = {7964},
  pages = {252--256},
  publisher = {{Nature Publishing Group}},
  issn = {1476-4687},
  doi = {10.1038/s41586-023-05955-3},
  copyright = {2023 The Author(s)},
  langid = {english}
}

@article{boltonJunoMission2017,
  title = {The {{Juno Mission}}},
  author = {Bolton, S. J. and Lunine, J. and Stevenson, D. and Connerney, J. E. P. and Levin, S. and Owen, T. C. and Bagenal, F. and Gautier, D. and Ingersoll, A. P. and Orton, G. S. and Guillot, T. and Hubbard, W. and Bloxham, J. and Coradini, A. and Stephens, S. K. and Mokashi, P. and Thorne, R. and Thorpe, R.},
  year = {2017},
  month = nov,
  journal = {Space Science Reviews},
  volume = {213},
  pages = {5--37},
  issn = {0038-6308},
  doi = {10.1007/s11214-017-0429-6}
}

@article{bonnellElectricFieldInstrument2008,
  title = {The Electric Field Instrument ({{EFI}}) for {{THEMIS}}},
  author = {Bonnell, J. W. and Mozer, F. S. and Delory, G. T. and Hull, A. J. and Ergun, R. E. and Cully, C. M. and Angelopoulos, V. and Harvey, P. R.},
  year = {2008},
  month = dec,
  journal = {Space Science Reviews},
  volume = {141},
  number = {1},
  pages = {303--341},
  issn = {1572-9672},
  doi = {10.1007/s11214-008-9469-2},
  langid = {american}
}

@article{bowen2020,
  title = {A Merged Search-Coil and Fluxgate Magnetometer Data Product for Parker Solar Probe {{FIELDS}}},
  author = {Bowen, T. A. and Bale, S. D. and Bonnell, J. W. and {Dudok de Wit}, T. and Goetz, K. and Goodrich, K. and Gruesbeck, J. and Harvey, P. R. and Jannet, G. and Koval, A. and MacDowall, R. J. and Malaspina, D. M. and Pulupa, M. and Revillet, C. and Sheppard, D. and Szabo, A.},
  year = {2020},
  journal = {Journal of Geophysical Research: Space Physics},
  volume = {125},
  number = {5},
  pages = {e2020JA027813},
  issn = {2169-9402},
  doi = {10.1029/2020JA027813},
  copyright = {{\textcopyright}2020. American Geophysical Union. All Rights Reserved.},
  langid = {english}
}

@article{burchElectronscaleMeasurementsMagnetic2016,
  title = {Electron-Scale Measurements of Magnetic Reconnection in Space},
  author = {Burch, J. L. and Torbert, R. B. and Phan, T. D. and Chen, L.-J. and Moore, T. E. and Ergun, R. E. and Eastwood, J. P. and Gershman, D. J. and Cassak, P. A. and Argall, M. R. and Wang, S. and Hesse, M. and Pollock, C. J. and Giles, B. L. and Nakamura, R. and Mauk, B. H. and Fuselier, S. A. and Russell, C. T. and Strangeway, R. J. and Drake, J. F. and Shay, M. A. and Khotyaintsev, {\relax Yu}. V. and Lindqvist, P.-A. and Marklund, G. and Wilder, F. D. and Young, D. T. and Torkar, K. and Goldstein, J. and Dorelli, J. C. and Avanov, L. A. and Oka, M. and Baker, D. N. and Jaynes, A. N. and Goodrich, K. A. and Cohen, I. J. and Turner, D. L. and Fennell, J. F. and Blake, J. B. and Clemmons, J. and Goldman, M. and Newman, D. and Petrinec, S. M. and Trattner, K. J. and Lavraud, B. and Reiff, P. H. and Baumjohann, W. and Magnes, W. and Steller, M. and Lewis, W. and Saito, Y. and Coffey, V. and Chandler, M.},
  year = {2016},
  month = jun,
  journal = {Science},
  volume = {352},
  number = {6290},
  pages = {aaf2939},
  publisher = {{American Association for the Advancement of Science}},
  doi = {10.1126/science.aaf2939}
}

@misc{CalibrationMeasurementAlgorithms,
  title = {Calibration and {{Measurement Algorithms Document}} ({{CMAD}})}
}

@article{connerneyJunoMagneticField2017,
  title = {The {{Juno Magnetic Field Investigation}}},
  author = {Connerney, J. E. P. and Benn, M. and Bjarno, J. B. and Denver, T. and Espley, J. and Jorgensen, J. L. and Jorgensen, P. S. and Lawton, P. and Malinnikova, A. and Merayo, J. M. and Murphy, S. and Odom, J. and Oliversen, R. and Schnurr, R. and Sheppard, D. and Smith, E. J.},
  year = {2017},
  month = nov,
  journal = {Space Science Reviews},
  volume = {213},
  number = {1},
  pages = {39--138},
  issn = {1572-9672},
  doi = {10.1007/s11214-017-0334-z},
  langid = {english}
}

@article{connerneyJupiterMagnetosphereAurorae2017,
  title = {Jupiter's Magnetosphere and Aurorae Observed by the {{Juno}} Spacecraft during Its First Polar Orbits},
  author = {Connerney, J. E. P. and Adriani, A. and Allegrini, F. and Bagenal, F. and Bolton, S. J. and Bonfond, B. and Cowley, S. W. H. and Gerard, J.-C. and Gladstone, G. R. and Grodent, D. and Hospodarsky, G. and Jorgensen, J. L. and Kurth, W. S. and Levin, S. M. and Mauk, B. and McComas, D. J. and Mura, A. and Paranicas, C. and Smith, E. J. and Thorne, R. M. and Valek, P. and Waite, J.},
  year = {2017},
  month = may,
  journal = {Science},
  volume = {356},
  number = {6340},
  pages = {826--832},
  publisher = {{American Association for the Advancement of Science}},
  doi = {10.1126/science.aam5928}
}

@misc{ELFINSysRR20150208,
  title = {{{ELFIN Systems Requirements Review}}},
  author = {{Vassilis Angelopoulos}},
  year = {2015},
  month = feb
}

@article{eyeladeRelationKappaDistribution2021,
  title = {On the {{Relation}} between {{Kappa Distribution Functions}} and the {{Plasma Beta Parameter}} in the {{Earth}}'s {{Magnetosphere}}: {{THEMIS Observations}}},
  shorttitle = {On the {{Relation}} between {{Kappa Distribution Functions}} and the {{Plasma Beta Parameter}} in the {{Earth}}'s {{Magnetosphere}}},
  author = {Eyelade, Adetayo V. and Stepanova, Marina and Espinoza, Crist{\'o}bal M. and Moya, Pablo S.},
  year = {2021},
  month = mar,
  journal = {The Astrophysical Journal Supplement Series},
  volume = {253},
  number = {2},
  pages = {34},
  publisher = {{The American Astronomical Society}},
  issn = {0067-0049},
  doi = {10.3847/1538-4365/abdec9},
  langid = {english}
}

@article{foxSolarProbeMission2016,
  title = {The Solar Probe plus Mission: Humanity's First Visit to Our Star},
  shorttitle = {The {{Solar Probe Plus Mission}}},
  author = {Fox, N. J. and Velli, M. C. and Bale, S. D. and Decker, R. and Driesman, A. and Howard, R. A. and Kasper, J. C. and Kinnison, J. and Kusterer, M. and Lario, D. and Lockwood, M. K. and McComas, D. J. and Raouafi, N. E. and Szabo, A.},
  year = {2016},
  month = dec,
  journal = {Space Science Reviews},
  volume = {204},
  number = {1},
  pages = {7--48},
  issn = {1572-9672},
  doi = {10.1007/s11214-015-0211-6},
  langid = {english}
}

@article{galvinPlasmaSuprathermalIon2008,
  title = {The Plasma and Suprathermal Ion Composition ({{PLASTIC}}) Investigation on the {{STEREO}} Observatories},
  author = {Galvin, A. B. and Kistler, L. M. and Popecki, M. A. and Farrugia, C. J. and Simunac, K. D. C. and Ellis, L. and M{\"o}bius, E. and Lee, M. A. and Boehm, M. and Carroll, J. and Crawshaw, A. and Conti, M. and Demaine, P. and Ellis, S. and Gaidos, J. A. and Googins, J. and Granoff, M. and Gustafson, A. and Heirtzler, D. and King, B. and Knauss, U. and Levasseur, J. and Longworth, S. and Singer, K. and Turco, S. and Vachon, P. and Vosbury, M. and Widholm, M. and Blush, L. M. and Karrer, R. and Bochsler, P. and Daoudi, H. and Etter, A. and Fischer, J. and Jost, J. and Opitz, A. and Sigrist, M. and Wurz, P. and Klecker, B. and Ertl, M. and Seidenschwang, E. and {Wimmer-Schweingruber}, R. F. and Koeten, M. and Thompson, B. and Steinfeld, D.},
  year = {2008},
  month = apr,
  journal = {Space Science Reviews},
  volume = {136},
  number = {1},
  pages = {437--486},
  issn = {1572-9672},
  doi = {10.1007/s11214-007-9296-x},
  langid = {english}
}

@article{grachRelativisticElectronPrecipitation2022,
  title = {Relativistic {{Electron Precipitation}} by {{EMIC Waves}}: {{Importance}} of {{Nonlinear Resonant Effects}}},
  shorttitle = {Relativistic {{Electron Precipitation}} by {{EMIC Waves}}},
  author = {Grach, Veronika S. and Artemyev, Anton V. and Demekhov, Andrei G. and Zhang, Xiao-Jia and Bortnik, Jacob and Angelopoulos, Vassilis and Nakamura, Rumi and Tsai, Ethan and Wilkins, Colin and Roberts, Owen W.},
  year = {2022},
  journal = {Geophysical Research Letters},
  volume = {49},
  number = {17},
  pages = {e2022GL099994},
  issn = {1944-8007},
  doi = {10.1029/2022GL099994},
  langid = {english}
}

@article{higashioExtremelyHighenergyElectron2018,
  title = {The Extremely High-Energy Electron Experiment ({{XEP}}) Onboard the {{Arase}} ({{ERG}}) Satellite},
  author = {Higashio, Nana and Takashima, Takeshi and Shinohara, Iku and Matsumoto, Haruhisa},
  year = {2018},
  month = aug,
  journal = {Earth, Planets and Space},
  volume = {70},
  number = {1},
  pages = {134},
  issn = {1880-5981},
  doi = {10.1186/s40623-018-0901-x}
}

@misc{horiBriefTutorialERG2021,
  title = {Brief Tutorial for {{ERG}} Part\_products},
  author = {Hori, T and Miyoshi, Y},
  year = {2021},
  langid = {english}
}

@article{johnsonMESSENGERObservationsMercury2012,
  title = {{{MESSENGER}} Observations of {{Mercury}}'s Magnetic Field Structure},
  author = {Johnson, Catherine L. and Purucker, Michael E. and Korth, Haje and Anderson, Brian J. and Winslow, Reka M. and Al Asad, Manar M. H. and Slavin, James A. and Alexeev, {\relax Igor}. I. and Phillips, Roger J. and Zuber, Maria T. and Solomon, Sean C.},
  year = {2012},
  journal = {Journal of Geophysical Research: Planets},
  volume = {117},
  number = {E12},
  issn = {2156-2202},
  doi = {10.1029/2012JE004217},
  copyright = {{\textcopyright} 2012 by the American Geophysical Union},
  langid = {english}
}

@misc{JunoMagnetometerMAG,
  title = {Juno {{Magnetometer}} ({{MAG}}) {{Standard Product Data Record}} and {{Archive Volume Software Interface Specification}}}
}

@article{kaiserSTEREOMissionIntroduction2008,
  title = {The {{STEREO}} Mission: An Introduction},
  shorttitle = {The {{STEREO Mission}}},
  author = {Kaiser, M. L. and Kucera, T. A. and Davila, J. M. and St. Cyr, O. C. and Guhathakurta, M. and Christian, E.},
  year = {2008},
  month = apr,
  journal = {Space Science Reviews},
  volume = {136},
  number = {1},
  pages = {5--16},
  issn = {1572-9672},
  doi = {10.1007/s11214-007-9277-0},
  langid = {english}
}

@misc{kasaharaExplorationEnergizationRadiation2018,
  title = {Exploration of Energization and {{Radiation}} in {{Geospace}} ({{ERG}}) {{Plasma Wave Experiment}} ({{PWE}}) {{Onboard Frequency Analyzer}} ({{OFA}}) {{Level-2}} Power Spectrum Data},
  author = {Kasahara, Yoshiya and Kojima, Hirotsugu and Matsuda, Shoya and Ozaki, Mitsunori and Yagitani, Satoshi and Shoji, Masafumi and Nakamura, Satoko and Kitahara, Masahiro and Miyoshi, Yoshizumi and Shinohara, Iku},
  year = {2018},
  publisher = {{ERG Science Center, Institute for Space-Earth Environmental Research, Nagoya University}},
  doi = {10.34515/DATA.ERG-08000},
  archiveprefix = {ERG Science Center, Institute for Space-Earth Environmental Research, Nagoya University},
  langid = {english}
}

@misc{kasaharaExplorationEnergizationRadiation2018a,
  title = {Exploration of Energization and {{Radiation}} in {{Geospace}} ({{ERG}}) {{MEP-e Level-2}} Omniflux Data},
  author = {Kasahara, Satoshi and Syoichiro, Yokota and Hori, Tomoaki},
  year = {2018},
  publisher = {{ERG Science Center, Institute for Space-Earth Environmental Research, Nagoya University}},
  doi = {10.34515/DATA.ERG-02001},
  archiveprefix = {ERG Science Center, Institute for Space-Earth Environmental Research, Nagoya University},
  langid = {english}
}

@article{kasaharaPlasmaWaveExperiment2018,
  title = {The {{Plasma Wave Experiment}} ({{PWE}}) on Board the {{Arase}} ({{ERG}}) Satellite},
  author = {Kasahara, Yoshiya and Kasaba, Yasumasa and Kojima, Hirotsugu and Yagitani, Satoshi and Ishisaka, Keigo and Kumamoto, Atsushi and Tsuchiya, Fuminori and Ozaki, Mitsunori and Matsuda, Shoya and Imachi, Tomohiko and Miyoshi, Yoshizumi and Hikishima, Mitsuru and Katoh, Yuto and Ota, Mamoru and Shoji, Masafumi and Matsuoka, Ayako and Shinohara, Iku},
  year = {2018},
  month = may,
  journal = {Earth, Planets and Space},
  volume = {70},
  number = {1},
  pages = {86},
  issn = {1880-5981},
  doi = {10.1186/s40623-018-0842-4}
}

@article{kasperAlfvenicVelocitySpikes2019,
  title = {Alfv{\'e}nic Velocity Spikes and Rotational Flows in the Near-{{Sun}} Solar Wind},
  author = {Kasper, J. C. and Bale, S. D. and Belcher, J. W. and Berthomier, M. and Case, A. W. and Chandran, B. D. G. and Curtis, D. W. and Gallagher, D. and Gary, S. P. and Golub, L. and Halekas, J. S. and Ho, G. C. and Horbury, T. S. and Hu, Q. and Huang, J. and Klein, K. G. and Korreck, K. E. and Larson, D. E. and Livi, R. and Maruca, B. and Lavraud, B. and Louarn, P. and Maksimovic, M. and Martinovic, M. and McGinnis, D. and Pogorelov, N. V. and Richardson, J. D. and Skoug, R. M. and Steinberg, J. T. and Stevens, M. L. and Szabo, A. and Velli, M. and Whittlesey, P. L. and Wright, K. H. and Zank, G. P. and MacDowall, R. J. and McComas, D. J. and McNutt, R. L. and Pulupa, M. and Raouafi, N. E. and Schwadron, N. A.},
  year = {2019},
  month = dec,
  journal = {Nature},
  volume = {576},
  number = {7786},
  pages = {228--231},
  publisher = {{Nature Publishing Group}},
  issn = {1476-4687},
  doi = {10.1038/s41586-019-1813-z},
  copyright = {2019 The Author(s), under exclusive licence to Springer Nature Limited},
  langid = {english}
}

@article{kasperSolarWindElectrons2016,
  title = {Solar {{Wind Electrons Alphas}} and {{Protons}} ({{SWEAP}}) {{Investigation}}: {{Design}} of the {{Solar Wind}} and {{Coronal Plasma Instrument Suite}} for {{Solar Probe Plus}}},
  shorttitle = {Solar {{Wind Electrons Alphas}} and {{Protons}} ({{SWEAP}}) {{Investigation}}},
  author = {Kasper, Justin C. and Abiad, Robert and Austin, Gerry and {Balat-Pichelin}, Marianne and Bale, Stuart D. and Belcher, John W. and Berg, Peter and Bergner, Henry and Berthomier, Matthieu and Bookbinder, Jay and Brodu, Etienne and Caldwell, David and Case, Anthony W. and Chandran, Benjamin D. G. and Cheimets, Peter and Cirtain, Jonathan W. and Cranmer, Steven R. and Curtis, David W. and Daigneau, Peter and Dalton, Greg and Dasgupta, Brahmananda and DeTomaso, David and {Diaz-Aguado}, Millan and Djordjevic, Blagoje and Donaskowski, Bill and Effinger, Michael and Florinski, Vladimir and Fox, Nichola and Freeman, Mark and Gallagher, Dennis and Gary, S. Peter and Gauron, Tom and Gates, Richard and Goldstein, Melvin and Golub, Leon and Gordon, Dorothy A. and Gurnee, Reid and Guth, Giora and Halekas, Jasper and Hatch, Ken and Heerikuisen, Jacob and Ho, George and Hu, Qiang and Johnson, Greg and Jordan, Steven P. and Korreck, Kelly E. and Larson, Davin and Lazarus, Alan J. and Li, Gang and Livi, Roberto and Ludlam, Michael and Maksimovic, Milan and McFadden, James P. and Marchant, William and Maruca, Bennet A. and McComas, David J. and Messina, Luciana and Mercer, Tony and Park, Sang and Peddie, Andrew M. and Pogorelov, Nikolai and Reinhart, Matthew J. and Richardson, John D. and Robinson, Miles and Rosen, Irene and Skoug, Ruth M. and Slagle, Amanda and Steinberg, John T. and Stevens, Michael L. and Szabo, Adam and Taylor, Ellen R. and Tiu, Chris and Turin, Paul and Velli, Marco and Webb, Gary and Whittlesey, Phyllis and Wright, Ken and Wu, S. T. and Zank, Gary},
  year = {2016},
  month = dec,
  journal = {Space Science Reviews},
  volume = {204},
  number = {1},
  pages = {131--186},
  issn = {1572-9672},
  doi = {10.1007/s11214-015-0206-3},
  langid = {english}
}

@article{keikaVisualizationToolThreedimensional2017,
  title = {Visualization Tool for Three-Dimensional Plasma Velocity Distributions ({{ISEE}}\_{{3D}}) as a Plug-in for {{SPEDAS}}},
  author = {Keika, Kunihiro and Miyoshi, Yoshizumi and Machida, Shinobu and Ieda, Akimasa and Seki, Kanako and Hori, Tomoaki and Miyashita, Yukinaga and Shoji, Masafumi and Shinohara, Iku and Angelopoulos, Vassilis and Lewis, Jim W. and Flores, Aaron},
  year = {2017},
  month = dec,
  journal = {Earth, Planets and Space},
  volume = {69},
  number = {1},
  pages = {170},
  issn = {1880-5981},
  doi = {10.1186/s40623-017-0761-9}
}

@misc{khotyaintsevSpinplaneDoubleProbe2017,
  title = {Spin-Plane Double Probe Instrument / Axial Double Probe Instrument ({{SDP}}/{{ADP}}) Data Products Guide},
  author = {Khotyaintsev, Yuri and Lindqvist, Per-Arne and Nilsson, Thomas},
  year = {2017},
  langid = {american}
}

@article{korthMESSENGERSoftwareInterface,
  title = {{{MESSENGER}}: {{Software Interface Specification}} for the {{Calibrated Data Records}} of the {{Magnetometer}}},
  author = {Korth, Haje and Joy, Steve and Ensor, Susan},
  langid = {english}
}

@article{korthMESSENGERSoftwareInterfacea,
  title = {{{MESSENGER}}: {{Software Interface Specification}} for the {{Reduced Data Records}} of the {{Magnetometer}}},
  author = {Korth, Haje and Joy, Steve and Ensor, Susan},
  langid = {english}
}

@article{larosaSwitchbacksStatisticalProperties2021,
  title = {Switchbacks: Statistical Properties and Deviations from {{Alfv{\'e}nicity}}},
  shorttitle = {Switchbacks},
  author = {Larosa, A. and Krasnoselskikh, V. and Dudok De Wit, T. and Agapitov, O. and Froment, C. and Jagarlamudi, V. K. and Velli, M. and Bale, S. D. and Case, A. W. and Goetz, K. and Harvey, P. and Kasper, J. C. and Korreck, K. E. and Larson, D. E. and MacDowall, R. J. and Malaspina, D. and Pulupa, M. and Revillet, C. and Stevens, M. L.},
  year = {2021},
  month = jun,
  journal = {Astronomy \& Astrophysics},
  volume = {650},
  pages = {A3},
  issn = {0004-6361, 1432-0746},
  doi = {10.1051/0004-6361/202039442},
  langid = {english}
}

@article{lecontelSearchCoilMagnetometerMMS2016,
  title = {The {{Search-Coil Magnetometer}} for {{MMS}}},
  author = {Le~Contel, O. and Leroy, P. and Roux, A. and Coillot, C. and Alison, D. and Bouabdellah, A. and Mirioni, L. and Meslier, L. and Galic, A. and Vassal, M. C. and Torbert, R. B. and Needell, J. and Rau, D. and Dors, I. and Ergun, R. E. and Westfall, J. and Summers, D. and Wallace, J. and Magnes, W. and Valavanoglou, A. and Olsson, G. and Chutter, M. and Macri, J. and Myers, S. and Turco, S. and Nolin, J. and Bodet, D. and Rowe, K. and Tanguy, M. and {de~la Porte}, B.},
  year = {2016},
  month = mar,
  journal = {Space Science Reviews},
  volume = {199},
  number = {1},
  pages = {257--282},
  issn = {1572-9672},
  doi = {10.1007/s11214-014-0096-9},
  langid = {english}
}

@article{leppingWINDMagneticField1995,
  title = {The {{WIND}} Magnetic Field Investigation},
  author = {Lepping, R. P. and Ac{\~u}na, M. H. and Burlaga, L. F. and Farrell, W. M. and Slavin, J. A. and Schatten, K. H. and Mariani, F. and Ness, N. F. and Neubauer, F. M. and Whang, Y. C. and Byrnes, J. B. and Kennon, R. S. and Panetta, P. V. and Scheifele, J. and Worley, E. M.},
  year = {1995},
  month = feb,
  journal = {Space Science Reviews},
  volume = {71},
  number = {1},
  pages = {207--229},
  issn = {1572-9672},
  doi = {10.1007/BF00751330},
  langid = {english}
}

@article{luhmannSTEREOIMPACTInvestigation2008,
  title = {{{STEREO IMPACT}} Investigation Goals, Measurements, and Data Products Overview},
  author = {Luhmann, J. G. and Curtis, D. W. and Schroeder, P. and McCauley, J. and Lin, R. P. and Larson, D. E. and Bale, S. D. and Sauvaud, J.-A. and Aoustin, C. and Mewaldt, R. A. and Cummings, A. C. and Stone, E. C. and Davis, A. J. and Cook, W. R. and Kecman, B. and Wiedenbeck, M. E. and {von Rosenvinge}, T. and Acuna, M. H. and Reichenthal, L. S. and Shuman, S. and Wortman, K. A. and Reames, D. V. and {Mueller-Mellin}, R. and Kunow, H. and Mason, G. M. and Walpole, P. and Korth, A. and Sanderson, T. R. and Russell, C. T. and Gosling, J. T.},
  year = {2008},
  month = apr,
  journal = {Space Science Reviews},
  volume = {136},
  number = {1},
  pages = {117--184},
  issn = {1572-9672},
  doi = {10.1007/s11214-007-9170-x},
  langid = {english}
}

@article{matsudaOnboardSoftwarePlasma2018,
  title = {Onboard Software of {{Plasma Wave Experiment}} Aboard {{Arase}}: Instrument Management and Signal Processing of {{Waveform Capture}}/{{Onboard Frequency Analyzer}}},
  shorttitle = {Onboard Software of {{Plasma Wave Experiment}} Aboard {{Arase}}},
  author = {Matsuda, Shoya and Kasahara, Yoshiya and Kojima, Hirotsugu and Kasaba, Yasumasa and Yagitani, Satoshi and Ozaki, Mitsunori and Imachi, Tomohiko and Ishisaka, Keigo and Kumamoto, Atsushi and Tsuchiya, Fuminori and Ota, Mamoru and Kurita, Satoshi and Miyoshi, Yoshizumi and Hikishima, Mitsuru and Matsuoka, Ayako and Shinohara, Iku},
  year = {2018},
  month = may,
  journal = {Earth, Planets and Space},
  volume = {70},
  number = {1},
  pages = {75},
  issn = {1880-5981},
  doi = {10.1186/s40623-018-0838-0}
}

@article{matsuokaARASEERGMagnetic2018,
  title = {The {{ARASE}} ({{ERG}}) Magnetic Field Investigation},
  author = {Matsuoka, Ayako and Teramoto, Mariko and Nomura, Reiko and Nos{\'e}, Masahito and Fujimoto, Akiko and Tanaka, Yoshimasa and Shinohara, Manabu and Nagatsuma, Tsutomu and Shiokawa, Kazuo and Obana, Yuki and Miyoshi, Yoshizumi and Mita, Makoto and Takashima, Takeshi and Shinohara, Iku},
  year = {2018},
  month = mar,
  journal = {Earth, Planets and Space},
  volume = {70},
  number = {1},
  pages = {43},
  issn = {1880-5981},
  doi = {10.1186/s40623-018-0800-1}
}

@article{mccomasSevenYearsImaging2017,
  title = {Seven Years of Imaging the Global Heliosphere with {{IBEX}}},
  author = {McComas, D. J. and Zirnstein, E. J. and Bzowski, M. and Dayeh, M. A. and Funsten, H. O. and Fuselier, S. A. and Janzen, P. H. and Kubiak, M. A. and Kucharek, H. and M{\"o}bius, E. and Reisenfeld, D. B. and Schwadron, N. A. and Sok{\'o}{\l}, J. M. and Szalay, J. R. and Tokumaru, M.},
  year = {2017},
  month = apr,
  journal = {Astrophysical Journal Supplement Series},
  volume = {229},
  number = {2},
  pages = {41},
  publisher = {{The American Astronomical Society}},
  issn = {0067-0049},
  doi = {10.3847/1538-4365/aa66d8},
  langid = {english}
}

@incollection{mcfaddenTHEMISESAPlasma2009,
  title = {The {{THEMIS ESA}} Plasma Instrument and {{In-flight}} Calibration},
  booktitle = {The {{THEMIS Mission}}},
  author = {McFadden, J. P. and Carlson, C. W. and Larson, D. and Ludlam, M. and Abiad, R. and Elliott, B. and Turin, P. and Marckwordt, M. and Angelopoulos, V.},
  editor = {Burch, J. L. and Angelopoulos, V.},
  year = {2009},
  pages = {277--302},
  publisher = {{Springer}},
  address = {{New York, NY}},
  doi = {10.1007/978-0-387-89820-9_13},
  isbn = {978-0-387-89820-9},
  langid = {english}
}

@misc{MESSENGERMagnetometerEDRtoCDR,
  title = {{{MESSENGER Magnetometer EDR-to-CDR Processing Version}} 2i}
}

@article{mitaniHighenergyElectronExperiments2018,
  title = {High-Energy Electron Experiments ({{HEP}}) Aboard the {{ERG}} ({{Arase}}) Satellite},
  author = {Mitani, Takefumi and Takashima, Takeshi and Kasahara, Satoshi and Miyake, Wataru and Hirahara, Masafumi},
  year = {2018},
  month = may,
  journal = {Earth, Planets and Space},
  volume = {70},
  number = {1},
  pages = {77},
  issn = {1880-5981},
  doi = {10.1186/s40623-018-0853-1}
}

@article{miyashitaPowerfulToolBrowsing2011,
  title = {A Powerful Tool for Browsing Quick-Look Data in Solar-Terrestrial Physics: ``{{Conjunction Event Finder}}''},
  shorttitle = {A Powerful Tool for Browsing Quick-Look Data in Solar-Terrestrial Physics},
  author = {Miyashita, Yukinaga and Shinohara, Iku and Fujimoto, Masaki and Hasegawa, Hiroshi and Hosokawa, Keisuke and Takada, Taku and Hori, Tomoaki},
  year = {2011},
  month = jan,
  journal = {Earth, Planets and Space},
  volume = {63},
  number = {1},
  pages = {e1-e4},
  issn = {1880-5981},
  doi = {10.5047/eps.2011.01.003},
  langid = {english}
}

@article{miyoshiERGScienceCenter2018,
  title = {The {{ERG Science Center}}},
  author = {Miyoshi, Yoshizumi and Hori, Tomoaki and Shoji, Masafumi and Teramoto, Mariko and Chang, T. F. and Segawa, Tomonori and Umemura, Norio and Matsuda, Shoya and Kurita, Satoshi and Keika, Kunihiro and Miyashita, Yukinaga and Seki, Kanako and Tanaka, Yoshimasa and Nishitani, Nozomu and Kasahara, Satoshi and Yokota, Shoichiro and Matsuoka, Ayako and Kasahara, Yoshiya and Asamura, Kazushi and Takashima, Takeshi and Shinohara, Iku},
  year = {2018},
  month = jun,
  journal = {Earth, Planets and Space},
  volume = {70},
  number = {1},
  pages = {96},
  issn = {1880-5981},
  doi = {10.1186/s40623-018-0867-8}
}

@article{miyoshiGeospaceExplorationProject2018,
  title = {Geospace Exploration Project {{ERG}}},
  author = {Miyoshi, Yoshizumi and Shinohara, Iku and Takashima, Takeshi and Asamura, Kazushi and Higashio, Nana and Mitani, Takefumi and Kasahara, Satoshi and Yokota, Shoichiro and Kazama, Yoichi and Wang, Shiang-Yu and Tam, Sunny W. Y. and Ho, Paul T. P. and Kasahara, Yoshiya and Kasaba, Yasumasa and Yagitani, Satoshi and Matsuoka, Ayako and Kojima, Hirotsugu and Katoh, Yuto and Shiokawa, Kazuo and Seki, Kanako},
  year = {2018},
  month = jun,
  journal = {Earth, Planets and Space},
  volume = {70},
  number = {1},
  pages = {101},
  issn = {1880-5981},
  doi = {10.1186/s40623-018-0862-0}
}

@article{m√ºller2020,
  title = {The {{Solar Orbiter}} Mission - {{Science}} Overview},
  author = {M{\"u}ller, D. and Cyr, O. C. St and Zouganelis, I. and Gilbert, H. R. and Marsden, R. and {Nieves-Chinchilla}, T. and Antonucci, E. and Auch{\`e}re, F. and Berghmans, D. and Horbury, T. S. and Howard, R. A. and Krucker, S. and Maksimovic, M. and Owen, C. J. and Rochus, P. and {Rodriguez-Pacheco}, J. and Romoli, M. and Solanki, S. K. and Bruno, R. and Carlsson, M. and Fludra, A. and Harra, L. and Hassler, D. M. and Livi, S. and Louarn, P. and Peter, H. and Sch{\"u}hle, U. and Teriaca, L. and Iniesta, J. C. del Toro and {Wimmer-Schweingruber}, R. F. and Marsch, E. and Velli, M. and Groof, A. De and Walsh, A. and Williams, D.},
  year = {2020},
  month = oct,
  journal = {Astronomy \& Astrophysics},
  volume = {642},
  pages = {A1},
  publisher = {{EDP Sciences}},
  issn = {0004-6361, 1432-0746},
  doi = {10.1051/0004-6361/202038467},
  copyright = {{\textcopyright} ESO 2020},
  langid = {english}
}

@misc{niyazovGPSEnergeticCharged2021,
  title = {{{GPS Energetic Charged Particle Data Product Files}} (v1.09)},
  author = {Niyazov, Rustam Akhmetovich and Morley, Steven Karl},
  year = {2021},
  month = mar
}

@article{ogilvieSWEComprehensivePlasma1995,
  title = {{{SWE}}, a Comprehensive Plasma Instrument for the {{WIND}} Spacecraft},
  author = {Ogilvie, K. W. and Chornay, D. J. and Fritzenreiter, R. J. and Hunsaker, F. and Keller, J. and Lobell, J. and Miller, G. and Scudder, J. D. and Sittler, E. C. and Torbert, R. B. and Bodet, D. and Needell, G. and Lazarus, A. J. and Steinberg, J. T. and Tappan, J. H. and Mavretic, A. and Gergin, E.},
  year = {1995},
  month = feb,
  journal = {Space Science Reviews},
  volume = {71},
  number = {1},
  pages = {55--77},
  issn = {1572-9672},
  doi = {10.1007/BF00751326},
  langid = {english}
}

@article{pollockFastPlasmaInvestigation2016,
  title = {Fast Plasma Investigation for Magnetospheric Multiscale},
  author = {Pollock, C. and Moore, T. and Jacques, A. and Burch, J. and Gliese, U. and Saito, Y. and Omoto, T. and Avanov, L. and Barrie, A. and Coffey, V. and Dorelli, J. and Gershman, D. and Giles, B. and Rosnack, T. and Salo, C. and Yokota, S. and Adrian, M. and Aoustin, C. and Auletti, C. and Aung, S. and Bigio, V. and Cao, N. and Chandler, M. and Chornay, D. and Christian, K. and Clark, G. and Collinson, G. and Corris, T. and De~Los~Santos, A. and Devlin, R. and Diaz, T. and Dickerson, T. and Dickson, C. and Diekmann, A. and Diggs, F. and Duncan, C. and {Figueroa-Vinas}, A. and Firman, C. and Freeman, M. and Galassi, N. and Garcia, K. and Goodhart, G. and Guererro, D. and Hageman, J. and Hanley, J. and Hemminger, E. and Holland, M. and Hutchins, M. and James, T. and Jones, W. and Kreisler, S. and Kujawski, J. and Lavu, V. and Lobell, J. and LeCompte, E. and Lukemire, A. and MacDonald, E. and Mariano, A. and Mukai, T. and Narayanan, K. and Nguyan, Q. and Onizuka, M. and Paterson, W. and Persyn, S. and Piepgrass, B. and Cheney, F. and Rager, A. and Raghuram, T. and Ramil, A. and Reichenthal, L. and Rodriguez, H. and Rouzaud, J. and Rucker, A. and Saito, Y. and Samara, M. and Sauvaud, J.-A. and Schuster, D. and Shappirio, M. and Shelton, K. and Sher, D. and Smith, D. and Smith, K. and Smith, S. and Steinfeld, D. and Szymkiewicz, R. and Tanimoto, K. and Taylor, J. and Tucker, C. and Tull, K. and Uhl, A. and Vloet, J. and Walpole, P. and Weidner, S. and White, D. and Winkert, G. and Yeh, P.-S. and Zeuch, M.},
  year = {2016},
  month = mar,
  journal = {Space Science Reviews},
  volume = {199},
  number = {1},
  pages = {331--406},
  issn = {1572-9672},
  doi = {10.1007/s11214-016-0245-4},
  langid = {american}
}

@misc{quinnTHMSOC105THEMISFIELDS2006,
  title = {{{THM-SOC-105}}: {{THEMIS FIELDS L1}} Data Files Variable Name Definition},
  author = {Quinn, Timothy},
  year = {2006},
  month = sep,
  langid = {american}
}

@article{raouafiJourneyTouchSun2022,
  title = {A Journey to Touch the Sun},
  author = {Raouafi, Nour E.},
  year = {2022},
  month = nov,
  journal = {Physics Today},
  volume = {75},
  number = {11},
  pages = {28--34},
  issn = {0031-9228},
  doi = {10.1063/PT.3.5120},
  langid = {english}
}

@article{raouafiParkerSolarProbe2023,
  title = {Parker Solar Probe: Four Years of Discoveries at Solar Cycle Minimum},
  shorttitle = {Parker {{Solar Probe}}},
  author = {Raouafi, N. E. and Matteini, L. and Squire, J. and Badman, S. T. and Velli, M. and Klein, K. G. and Chen, C. H. K. and Matthaeus, W. H. and Szabo, A. and Linton, M. and Allen, R. C. and Szalay, J. R. and Bruno, R. and Decker, R. B. and {Akhavan-Tafti}, M. and Agapitov, O. V. and Bale, S. D. and Bandyopadhyay, R. and Battams, K. and Ber{\v c}i{\v c}, L. and Bourouaine, S. and Bowen, T. A. and Cattell, C. and Chandran, B. D. G. and Chhiber, R. and Cohen, C. M. S. and D'Amicis, R. and Giacalone, J. and Hess, P. and Howard, R. A. and Horbury, T. S. and Jagarlamudi, V. K. and Joyce, C. J. and Kasper, J. C. and Kinnison, J. and Laker, R. and Liewer, P. and Malaspina, D. M. and Mann, I. and McComas, D. J. and {Niembro-Hernandez}, T. and {Nieves-Chinchilla}, T. and Panasenco, O. and Pokorn{\'y}, P. and Pusack, A. and Pulupa, M. and Perez, J. C. and Riley, P. and Rouillard, A. P. and Shi, C. and Stenborg, G. and Tenerani, A. and Verniero, J. L. and Viall, N. and Vourlidas, A. and Wood, B. E. and Woodham, L. D. and Woolley, T.},
  year = {2023},
  month = feb,
  journal = {Space Science Reviews},
  volume = {219},
  number = {1},
  pages = {8},
  issn = {1572-9672},
  doi = {10.1007/s11214-023-00952-4},
  langid = {english}
}

@article{rimmele2020,
  title = {The Daniel {{K}}. {{Inouye}} Solar Telescope {\textendash} Observatory Overview},
  author = {Rimmele, Thomas R. and Warner, Mark and Keil, Stephen L. and Goode, Philip R. and Kn{\"o}lker, Michael and Kuhn, Jeffrey R. and Rosner, Robert R. and McMullin, Joseph P. and Casini, Roberto and Lin, Haosheng and W{\"o}ger, Friedrich and {von der L{\"u}he}, Oskar and Tritschler, Alexandra and Davey, Alisdair and {de Wijn}, Alfred and Elmore, David F. and Fehlmann, Andr{\'e} and Harrington, David M. and Jaeggli, Sarah A. and Rast, Mark P. and Schad, Thomas A. and Schmidt, Wolfgang and Mathioudakis, Mihalis and Mickey, Donald L. and Anan, Tetsu and Beck, Christian and Marshall, Heather K. and Jeffers, Paul F. and Oschmann, Jacobus M. and Beard, Andrew and Berst, David C. and Cowan, Bruce A. and Craig, Simon C. and Cross, Eric and Cummings, Bryan K. and Donnelly, Colleen and {de Vanssay}, Jean-Benoit and Eigenbrot, Arthur D. and Ferayorni, Andrew and Foster, Christopher and Galapon, Chriselle Ann and Gedrites, Christopher and Gonzales, Kerry and Goodrich, Bret D. and Gregory, Brian S. and Guzman, Stephanie S. and Guzzo, Stephen and Hegwer, Steve and Hubbard, Robert P. and Hubbard, John R. and Johansson, Erik M. and Johnson, Luke C. and Liang, Chen and Liang, Mary and McQuillen, Isaac and Mayer, Christopher and Newman, Karl and Onodera, Brialyn and Phelps, LeEllen and Puentes, Myles M. and Richards, Christopher and Rimmele, Lukas M. and Sekulic, Predrag and Shimko, Stephan R. and Simison, Brett E. and Smith, Brett and Starman, Erik and Sueoka, Stacey R. and Summers, Richard T. and Szabo, Aimee and Szabo, Louis and Wampler, Stephen B. and Williams, Timothy R. and White, Charles},
  year = {2020},
  month = dec,
  journal = {Solar Physics},
  volume = {295},
  number = {12},
  pages = {172},
  issn = {1573-093X},
  doi = {10.1007/s11207-020-01736-7},
  langid = {english}
}

@article{russellTHEMISGroundBasedMagnetometers2008,
  title = {{{THEMIS Ground-Based Magnetometers}}},
  author = {Russell, C. T. and Chi, P. J. and Dearborn, D. J. and Ge, Y. S. and {Kuo-Tiong}, B. and Means, J. D. and Pierce, D. R. and Rowe, K. M. and Snare, R. C.},
  year = {2008},
  month = dec,
  journal = {Space Science Reviews},
  volume = {141},
  number = {1},
  pages = {389--412},
  issn = {1572-9672},
  doi = {10.1007/s11214-008-9337-0},
  langid = {english}
}

@article{torbertElectronscaleDynamicsDiffusion2018,
  title = {Electron-Scale Dynamics of the Diffusion Region during Symmetric Magnetic Reconnection in Space},
  author = {Torbert, R. B. and Burch, J. L. and Phan, T. D. and Hesse, M. and Argall, M. R. and Shuster, J. and Ergun, R. E. and Alm, L. and Nakamura, R. and Genestreti, K. J. and Gershman, D. J. and Paterson, W. R. and Turner, D. L. and Cohen, I. and Giles, B. L. and Pollock, C. J. and Wang, S. and Chen, L.-J. and Stawarz, J. E. and Eastwood, J. P. and Hwang, K. J. and Farrugia, C. and Dors, I. and Vaith, H. and Mouikis, C. and Ardakani, A. and Mauk, B. H. and Fuselier, S. A. and Russell, C. T. and Strangeway, R. J. and Moore, T. E. and Drake, J. F. and Shay, M. A. and Khotyaintsev, Yuri V. and Lindqvist, P.-A. and Baumjohann, W. and Wilder, F. D. and Ahmadi, N. and Dorelli, J. C. and Avanov, L. A. and Oka, M. and Baker, D. N. and Fennell, J. F. and Blake, J. B. and Jaynes, A. N. and Le Contel, O. and Petrinec, S. M. and Lavraud, B. and Saito, Y.},
  year = {2018},
  month = dec,
  journal = {Science},
  volume = {362},
  number = {6421},
  pages = {1391--1395},
  publisher = {{American Association for the Advancement of Science}},
  doi = {10.1126/science.aat2998}
}

@article{torbertFIELDSInstrumentSuite2016,
  title = {The {{FIELDS Instrument Suite}} on {{MMS}}: {{Scientific Objectives}}, {{Measurements}}, and {{Data Products}}},
  shorttitle = {The {{FIELDS Instrument Suite}} on {{MMS}}},
  author = {Torbert, R. B. and Russell, C. T. and Magnes, W. and Ergun, R. E. and Lindqvist, P.-A. and LeContel, O. and Vaith, H. and Macri, J. and Myers, S. and Rau, D. and Needell, J. and King, B. and Granoff, M. and Chutter, M. and Dors, I. and Olsson, G. and Khotyaintsev, Y. V. and Eriksson, A. and Kletzing, C. A. and Bounds, S. and Anderson, B. and Baumjohann, W. and Steller, M. and Bromund, K. and Le, Guan and Nakamura, R. and Strangeway, R. J. and Leinweber, H. K. and Tucker, S. and Westfall, J. and Fischer, D. and Plaschke, F. and Porter, J. and Lappalainen, K.},
  year = {2016},
  month = mar,
  journal = {Space Science Reviews},
  volume = {199},
  number = {1},
  pages = {105--135},
  issn = {1572-9672},
  doi = {10.1007/s11214-014-0109-8},
  langid = {english}
}

@article{velli2020,
  title = {Understanding the Origins of the Heliosphere: Integrating Observations and Measurements from Parker Solar Probe, Solar Orbiter, and Other Space- and Ground-Based Observatories},
  shorttitle = {Understanding the Origins of the Heliosphere},
  author = {Velli, M. and Harra, L. K. and Vourlidas, A. and Schwadron, N. and Panasenco, O. and Liewer, P. C. and M{\"u}ller, D. and Zouganelis, I. and Cyr, O. C. St and Gilbert, H. and {Nieves-Chinchilla}, T. and Auch{\`e}re, F. and Berghmans, D. and Fludra, A. and Horbury, T. S. and Howard, R. A. and Krucker, S. and Maksimovic, M. and Owen, C. J. and {Rodr{\'i}guez-Pacheco}, J. and Romoli, M. and Solanki, S. K. and {Wimmer-Schweingruber}, R. F. and Bale, S. and Kasper, J. and McComas, D. J. and Raouafi, N. and {Martinez-Pillet}, V. and Walsh, A. P. and Groof, A. De and Williams, D.},
  year = {2020},
  month = oct,
  journal = {Astronomy and Astrophysics},
  volume = {642},
  pages = {A4},
  publisher = {{EDP Sciences}},
  issn = {0004-6361, 1432-0746},
  doi = {10.1051/0004-6361/202038245},
  copyright = {{\textcopyright} ESO 2020},
  langid = {english}
}

@article{velliPropertiesSolarWind1993,
  title = {Properties of the Solar Wind},
  author = {Velli, Marco and Grappin, Roland},
  year = {1993},
  month = sep,
  journal = {Advances in Space Research},
  volume = {13},
  number = {9},
  pages = {49--58},
  issn = {0273-1177},
  doi = {10.1016/0273-1177(93)90456-L}
}

@misc{zotero-9877,
  title = {{{ENLIL Solar Wind Prediction}} - {{JUNO}}},
  langid = {english}
}

@article{zouganelis2020,
  title = {The Solar Orbiter Science Activity Plan - Translating Solar and Heliospheric Physics Questions into Action},
  author = {Zouganelis, I. and Groof, A. De and Walsh, A. P. and Williams, D. R. and M{\"u}ller, D. and Cyr, O. C. St and Auch{\`e}re, F. and Berghmans, D. and Fludra, A. and Horbury, T. S. and Howard, R. A. and Krucker, S. and Maksimovic, M. and Owen, C. J. and {Rodr{\'i}guez-Pacheco}, J. and Romoli, M. and Solanki, S. K. and Watson, C. and Sanchez, L. and Lefort, J. and Osuna, P. and Gilbert, H. R. and {Nieves-Chinchilla}, T. and Abbo, L. and Alexandrova, O. and Anastasiadis, A. and Andretta, V. and Antonucci, E. and Appourchaux, T. and Aran, A. and Arge, C. N. and Aulanier, G. and Baker, D. and Bale, S. D. and Battaglia, M. and Rubio, L. Bellot and Bemporad, A. and Berthomier, M. and Bocchialini, K. and Bonnin, X. and Brun, A. S. and Bruno, R. and Buchlin, E. and B{\"u}chner, J. and Bucik, R. and Carcaboso, F. and Carr, R. and {Carrasco-Bl{\'a}zquez}, I. and Cecconi, B. and Cangas, I. Cernuda and Chen, C. H. K. and Chitta, L. P. and Chust, T. and Dalmasse, K. and D'Amicis, R. and Deppo, V. Da and Marco, R. De and Dolei, S. and Dolla, L. and de Wit, T. Dudok and van {Driel-Gesztelyi}, L. and Eastwood, J. P. and Lara, F. Espinosa and Etesi, L. and Fedorov, A. and {F{\'e}lix-Redondo}, F. and Fineschi, S. and Fleck, B. and Fontaine, D. and Fox, N. J. and Gandorfer, A. and G{\'e}not, V. and Georgoulis, M. K. and Gissot, S. and Giunta, A. and Gizon, L. and {G{\'o}mez-Herrero}, R. and Gontikakis, C. and Graham, G. and Green, L. and Grundy, T. and Haberreiter, M. and Harra, L. K. and Hassler, D. M. and Hirzberger, J. and Ho, G. C. and Hurford, G. and Innes, D. and Issautier, K. and James, A. W. and Janitzek, N. and Janvier, M. and Jeffrey, N. and Jenkins, J. and Khotyaintsev, Y. and Klein, K.-L. and Kontar, E. P. and Kontogiannis, I. and Krafft, C. and Krasnoselskikh, V. and Kretzschmar, M. and Labrosse, N. and Lagg, A. and Landini, F. and Lavraud, B. and Leon, I. and Lepri, S. T. and Lewis, G. R. and Liewer, P. and Linker, J. and Livi, S. and Long, D. M. and Louarn, P. and Malandraki, O. and Maloney, S. and {Martinez-Pillet}, V. and Martinovic, M. and Masson, A. and Matthews, S. and Matteini, L. and {Meyer-Vernet}, N. and Moraitis, K. and Morton, R. J. and Musset, S. and Nicolaou, G. and Nindos, A. and O'Brien, H. and Suarez, D. Orozco and Owens, M. and Pancrazzi, M. and Papaioannou, A. and Parenti, S. and Pariat, E. and Patsourakos, S. and Perrone, D. and Peter, H. and Pinto, R. F. and Plainaki, C. and Plettemeier, D. and Plunkett, S. P. and Raines, J. M. and Raouafi, N. and Reid, H. and Retino, A. and Rezeau, L. and Rochus, P. and Rodriguez, L. and {Rodriguez-Garcia}, L. and Roth, M. and Rouillard, A. P. and Sahraoui, F. and Sasso, C. and Schou, J. and Sch{\"u}hle, U. and {Sorriso-Valvo}, L. and Soucek, J. and Spadaro, D. and Stangalini, M. and Stansby, D. and Steller, M. and Strugarek, A. and {\v S}tver{\'a}k, {\v S} and Susino, R. and Telloni, D. and Terasa, C. and Teriaca, L. and {Toledo-Redondo}, S. and Iniesta, J. C. del Toro and Tsiropoula, G. and Tsounis, A. and Tziotziou, K. and Valentini, F. and Vaivads, A. and Vecchio, A. and Velli, M. and Verbeeck, C. and Verdini, A. and Verscharen, D. and Vilmer, N. and Vourlidas, A. and Wicks, R. and {Wimmer-Schweingruber}, R. F. and Wiegelmann, T. and Young, P. R. and Zhukov, A. N.},
  year = {2020},
  month = oct,
  journal = {Astronomy and Astrophysics},
  volume = {642},
  pages = {A3},
  publisher = {{EDP Sciences}},
  issn = {0004-6361, 1432-0746},
  doi = {10.1051/0004-6361/202038445},
  copyright = {{\textcopyright} ESO 2020},
  langid = {english}
}
