@article{knuth84,
  author = {Knuth, Donald E.},
  title = {Literate Programming},
  year = {1984},
  issue_date = {May 1984},
  publisher = {Oxford University Press, Inc.},
  address = {USA},
  volume = {27},
  number = {2},
  issn = {0010-4620},
  url = {https://doi.org/10.1093/comjnl/27.2.97},
  doi = {10.1093/comjnl/27.2.97},
  journal = {Comput. J.},
  month = may,
  pages = {97â€“111},
  numpages = {15}
}



@article{liu2022,
	title = {Categorizing MHD discontinuities in the inner heliosphere by utilizing the PSP mission},
	author = {Liu, Y. Y. and Fu, H. S. and Cao, J. B. and Yu, Y. and Liu, C. M. and Wang, Z. and Guo, Z. Z. and He, R. J.},
	year = {2022},
	date = {2022},
	journal = {Journal of Geophysical Research: Space Physics},
	pages = {e2021JA029983},
	volume = {127},
	number = {3},
	doi = {10.1029/2021JA029983},
	url = {https://onlinelibrary.wiley.com/doi/abs/10.1029/2021JA029983},
	note = {{\_}eprint: https://onlinelibrary.wiley.com/doi/pdf/10.1029/2021JA029983
Citation Key: liuCategorizingMHDDiscontinuities2022},
	langid = {canadian}
}

@article{malaspina2012,
	title = {Two spacecraft observations of magnetic discontinuities in the solar wind with STEREO},
	author = {Malaspina, David M. and Gosling, J. T.},
	year = {2012},
	date = {2012},
	journal = {Journal of Geophysical Research: Space Physics},
	volume = {117},
	number = {A4},
	doi = {10.1029/2011JA017375},
	url = {https://onlinelibrary.wiley.com/doi/abs/10.1029/2011JA017375},
	note = {{\_}eprint: https://onlinelibrary.wiley.com/doi/pdf/10.1029/2011JA017375},
	langid = {en}
}
@article{artemyev2019,
	title = {Kinetic Properties of Solar Wind Discontinuities at 1 AU Observed by ARTEMIS},
	author = {Artemyev, A. V. and Angelopoulos, V. and Vasko, I. Y.},
	year = {2019},
	date = {2019},
	journal = {Journal of Geophysical Research: Space Physics},
	pages = {3858--3870},
	volume = {124},
	number = {6},
	doi = {10.1029/2019JA026597},
	url = {https://onlinelibrary.wiley.com/doi/abs/10.1029/2019JA026597},
	note = {16 citations (Crossref) [2023-04-11]
{\_}eprint: https://onlinelibrary.wiley.com/doi/pdf/10.1029/2019JA026597
Citation Key: artemyevKineticPropertiesSolar2019},
	langid = {en}
}
